%% This BibTeX bibliography file was created using BibDesk.
%% http://bibdesk.sourceforge.net/

%% Created for Nathan Liccardo at 2017-04-24 21:06:43 +0200 


%% Saved with string encoding Unicode (UTF-8) 



@misc{ref1,
	Author = {The Tor Project},
	Month = {Avril},
	Note = {\url{https://www.torproject.org/about/overview.html.en}},
	Title = {Overview},
	Year = {2017}}

@misc{ref2,
	Author = {The Tor Project},
	Month = {Avril},
	Note = {\url{https://www.torproject.org/about/corepeople.html.en}},
	Title = {People},
	Year = {2017}}

@misc{ref3,
	Author = {Wikipedia},
	Month = {Avril},
	Note = {\url{https://en.wikipedia.org/wiki/Tor_(anonymity_network)}},
	Title = {Tor},
	Year = {2017}}

@misc{ref4,
	Author = {Roger Digledine},
	Month = {Septembre},
	Note = {\url{http://archives.seul.org/or/dev/Sep-2002/msg00019.html}},
	Title = {First Onion Proxy},
	Year = {2002}}

@misc{ref5,
	Author = {Pierre Rouchon},
	Month = {Octobre},
	Note = {\url{http://cas.ensmp.fr/~rouchon/MinesCrypto/CryptoPR09.pdf}},
	Title = {Cryptographie et theorie des nombres},
	Year = {2009}}

@misc{ref6,
	Author = {Christophe Grenier},
	Month = {Janvier},
	Note = {\url{ftp://ftp.irisa.fr/local/caps/DEPOTS/BIBLIO2009/Grenier_Christophe.pdf}},
	Title = {Techniques de cryptanalyst de RSA},
	Year = {2009}}

@misc{ref7,
	Author = {R.L.Rivest,A.Shamir and L.Adleman},
	Month = {Fevrier},
	Note = {\url{https://people.csail.mit.edu/rivest/Rsapaper.pdf}},
	Title = {A Method for Obtaining Digital Signatures and Public-Key Cryptosystems},
	Year = {1978}}

@misc{ref8,
	Author = {J Nechvatal and E Barker and L Bassham and W Burr and M Dworkin and J Foti and E Roback},
	Month = {Octobre},
	Note = {\url{http://csrc.nist.gov/archive/aes/round2/r2report.pdf}},
	Title = {Report on the Development of the Advanced Encryption Standard (AES)},
	Year = {2000}}

@misc{ref9,
	Author = {Houda FERRADI},
	Month = {Fevrier},
	Note = {\url{http://www.di.ens.fr/~ferradi/coursDES.pdf}},
	Title = {Introduction a la cryptographie (cours 3): Chiffrement par bloc (DES)},
	Year = {2016}}

@misc{ref10,
	Author = {Houda FERRADI},
	Month = {Fevrier},
	Note = {\url{http://www.di.ens.fr/~ferradi/coursAES.pdf}},
	Title = {Introduction a la cryptographie (cours 4): Chiffrement par bloc (AES)},
	Year = {2016}}

@misc{ref11,
	Author = {Marc O Morain and Vladislav Titov and Wendy Verbuggen},
	Note = {\url{http://ctvr.tcd.ie/undergrad/4ba2.05/group10/index.html#8}},
	Title = {Onion Routing for Anonymous Communications}}

@misc{ref12,
	Author = {Michael G  Reed and Paul F  Syverson and David M  Goldschlag},
	Note = {\url{https://www.onion-router.net/Publications/JSAC-1998.pdf}},
	Title = {Anonymous Connections and Onion Routing},
	Year = {1998}}

@misc{ref13,
	Author = {Otto Huhta},
	Note = {\url{http://www0.cs.ucl.ac.uk/staff/G.Danezis/students/Huhta14-UCL-Msc.pdf}},
	Title = {Linking Tor Circuits},
	Year = {2014}}

@misc{ref14,
	Author = {Brieuc Barthelemy},
	Note = {\url{https://brieuc.be/labs/Umons-Tor/Umons-Tor.pdf}},
	Title = {L’anonymat dans le réseau Tor (The Second-Generation Onion)},
	Year = {2016}}


